
@Article{Garyfallidis2014FrontNeuroinf,
   Author="Garyfallidis, E.  and Brett, M.  and Amirbekian, B.  and Rokem, A.  and van der Walt, S.  and Descoteaux, M.  and Nimmo-Smith, I. ",
   Title="{{D}ipy, a library for the analysis of diffusion {M}{R}{I} data}",
   Journal="Front Neuroinform",
   Year="2014",
   Volume="8",
   Pages="8"
}

@article{berman2008probabilistic,
  title={Probabilistic streamline q-ball tractography using the residual bootstrap},
  author={Berman, Jeffrey I and Chung, SungWon and Mukherjee, Pratik and Hess, Christopher P and Han, Eric T and Henry, Roland G},
  journal={Neuroimage},
  volume={39},
  number={1},
  pages={215--222},
  year={2008},
  publisher={Elsevier}
}


@article{rokem2015evaluating,
  title={Evaluating the accuracy of diffusion MRI models in white matter},
  author={Rokem, Ariel and Yeatman, Jason D and Pestilli, Franco and Kay, Kendrick N and Mezer, Aviv and Van Der Walt, Stefan and Wandell, Brian A},
  journal={PloS one},
  volume={10},
  number={4},
  pages={e0123272},
  year={2015},
  publisher={Public Library of Science}
}

@article{elsaidsuper,
  title={Super-Resolution Hybrid Diffusion Imaging (SR-HYDI)},
  author={Elsaid, Nahla MH and Coup{\'e}, Pierrick and Wu, Yu-Chien MH},
  journal={ISMRM},
  year={2016},
}
